@Book{xie2015,
  title = {Dynamic Documents with {R} and knitr},
  author = {Yihui Xie},
  publisher = {Chapman and Hall/CRC},
  address = {Boca Raton, Florida},
  year = {2015},
  edition = {2nd},
  note = {ISBN 978-1498716963},
  url = {http://yihui.name/knitr/},
}

@book{james2013introduction,
  title={An introduction to statistical learning},
  author={James, Gareth and Witten, Daniela and Hastie, Trevor and Tibshirani, Robert and others},
  volume={112},
  year={2013},
  publisher={Springer},
}

@article{fidan2023,
title = {Machine learning approach for modeling daily pluvial flood dynamics in agricultural landscapes},
journal = {Environmental Modelling and Software},
volume = {167},
pages = {105758},
year = {2023},
issn = {1364-8152},
doi = {https://doi.org/10.1016/j.envsoft.2023.105758},
url = {https://www.sciencedirect.com/science/article/pii/S1364815223001445},
author = {Emine Fidan and Josh Gray and Barbara Doll and Natalie G. Nelson},
}

@article{chazal2024,
title = {Short-term forecasting of fecal coliforms in shellfish growing waters},
journal = {Marine Pollution Bulletin},
volume = {200},
pages = {116053},
year = {2024},
issn = {0025-326X},
doi = {https://doi.org/10.1016/j.marpolbul.2024.116053},
url = {https://www.sciencedirect.com/science/article/pii/S0025326X24000304},
author = {Natalie Chazal and Megan Carr and Andrew K. Leight and Sheila M. Saia and Natalie G. Nelson},
}